@article{overview,
	title = {The {Multimodal} {Brain} {Tumor} {Image} {Segmentation} {Benchmark} ({BRATS})},
	volume = {34},
	issn = {0278-0062, 1558-254X},
	url = {http://ieeexplore.ieee.org/document/6975210/},
	doi = {10.1109/TMI.2014.2377694},
	number = {10},
	urldate = {2022-02-04},
	journal = {IEEE Transactions on Medical Imaging},
	author = {Menze, Bjoern H. and Jakab, Andras and Bauer, Stefan and Kalpathy-Cramer, Jayashree and Farahani, Keyvan and Kirby, Justin and Burren, Yuliya and Porz, Nicole and Slotboom, Johannes and Wiest, Roland and Lanczi, Levente and Gerstner, Elizabeth and Weber, Marc-Andre and Arbel, Tal and Avants, Brian B. and Ayache, Nicholas and Buendia, Patricia and Collins, D. Louis and Cordier, Nicolas and Corso, Jason J. and Criminisi, Antonio and Das, Tilak and Delingette, Herve and Demiralp, Cagatay and Durst, Christopher R. and Dojat, Michel and Doyle, Senan and Festa, Joana and Forbes, Florence and Geremia, Ezequiel and Glocker, Ben and Golland, Polina and Guo, Xiaotao and Hamamci, Andac and Iftekharuddin, Khan M. and Jena, Raj and John, Nigel M. and Konukoglu, Ender and Lashkari, Danial and Mariz, Jose Antonio and Meier, Raphael and Pereira, Sergio and Precup, Doina and Price, Stephen J. and Raviv, Tammy Riklin and Reza, Syed M. S. and Ryan, Michael and Sarikaya, Duygu and Schwartz, Lawrence and Shin, Hoo-Chang and Shotton, Jamie and Silva, Carlos A. and Sousa, Nuno and Subbanna, Nagesh K. and Szekely, Gabor and Taylor, Thomas J. and Thomas, Owen M. and Tustison, Nicholas J. and Unal, Gozde and Vasseur, Flor and Wintermark, Max and Ye, Dong Hye and Zhao, Liang and Zhao, Binsheng and Zikic, Darko and Prastawa, Marcel and Reyes, Mauricio and Van Leemput, Koen},
	month = oct,
	year = {2015},
	pages = {1993--2024},
}

@book{itkmanual2,
	title = {The {ITK} {Software} {Guide} {Book} 2: {Design} and {Functionality} {Fourth} {Edition} {Updated} for {ITK} version 5.0.0},
	url = {https://itk.org/ITKSoftwareGuide/html/Book2/ITKSoftwareGuide-Book2.html},
	urldate = {2022-02-04},
	publisher = {Insight Software Consortium},
	author = {Johnson, Hans and  McCormick, Mathew and Ibanez, Luis},
	month = apr,
	year = {2021},
}

@MISC {LBFGS,
    TITLE = {The reason of superiority of Limited-memory BFGS over ADAM solver},
    AUTHOR = {David Kozak (https://stats.stackexchange.com/users/144776/david-kozak)},
    HOWPUBLISHED = {Cross Validated},
    NOTE = {URL:https://stats.stackexchange.com/q/315632 (version: 2020-05-11)},
    EPRINT = {https://stats.stackexchange.com/q/315632},
    URL = {https://stats.stackexchange.com/q/315632}
}